@book{academie1798dictionnaire,
  title={Dictionnaire de l'Académie Françoise revu, corrigé et augmenté par l'Académie elle-même, Augmenté d'un Supplément contenant les mots nouveaux en usage depuis la Révolution},
  author={{Académie Française}},
  address={Paris},
  publisher={J. Smits et cie},
  year={1798},
}

@incollection{talmy1983language,
  title={How language structures space},
  author={Talmy, Leonard},
  booktitle={Spatial orientation: {Theory}, research, and application},
  editor={Pick, Herbert L. Jr. and Linda P. Acredolo},
  pages={225--282},
  year={1983},
  publisher={Plenum Press},
  location = {New York}
}

@book{talmy2000toward,
  title={Toward a cognitive semantics},
  author={Talmy, Leonard},
  year={2000},
  publisher={The MIT Press},
  location = {Cambridge}
}

@book{goldberg2006constructions,
  title={Constructions at work: The nature of generalization in language},
  author={Goldberg, Adele E.},
  year={2006},
  address= {Oxford},
  publisher={Oxford University Press},
  keywords = {Ch-3-4}
}

@book{goldberg1995constructions,
  title={Constructions: A construction grammar approach to argument structure},
  author={Goldberg, Adele E.},
  year={1995},
  publisher={University of Chicago Press}
}

@book{lacheret1999prosodie,
  title={La prosodie du français},
  author={Lacheret-Dujour, Anne and Beaugendre, Frédéric},
  year={1999},
  address = {Paris},
  publisher={CNRS Éditions},
  keyword = {Ch-3-2}
}

@book{kahane2002grammaire,
  title={Grammaire d’Unification Sens-Texte: Vers un modèle mathématique articulé de la langue},
  author={Kahane, Sylvain},
  publisher={Université Paris 7},
  note={Habilitation {\`a} diriger les recherches},
  year={2002},
  keywords = {Ch-3-6}
}


@inproceedings{kahane2017limitations,
  title={What are the limitations on the flux of syntactic dependencies? Evidence from UD treebanks},
  author={Kahane, Sylvain and Yan, Chunxiao and Botalla, Marie-Amélie},
  booktitle = {{Proceedings of the fourth international conference on Dependency Linguistics (Depling)}},
  publisher = {Association for Computational Linguistics (ACL)},
  pages={73--82},
  year={2017}
}

@phdthesis{weil1844de,
	address = {Paris},
	author = {Henri Weil},
	school = {Sorbonne},
	title = {De l'ordre des mots dans les langues anciennes comparées aux langues modernes},
	year = {1844}
}

@phdthesis{ross1967constraints,
  title={Constraints on variables in syntax},
  author={Ross, John R.},
  year={1967},
  school = {Massachussets Institute of Technology}
}

@phdthesis{tseng2000selection,
	author = {Jesse Tseng},
	school = {University of Edinburgh},
	title = {The Selection and Representation of Prepositions},
	year = {2000}
}

@phdthesis{pause2017structure,
	author = {Marie-Sophie Pausé},
	school = {Université de Lorraine},
	title = {Structure lexico-syntaxique des locutions du français et incidences sur leur combinatoire},
	year = {2017},
	keywords = {Ch-2-3}
}

@phdthesis{mertens1987lintonation,
	author = {Piet Mertens},
	school = {Katolieke universiteit te Leuven},
	title = {L'intonation du français: {{D}}e la description linguistique à la reconnaissance automatique},
	year = {1987},
	keywords = {Ch-3-2}
}

@phdthesis{kathol1995linearization-based,
	author = {Andreas Kathol},
	school = {The Ohio State University},
	title = {Linearization-based {G}erman syntax},
	year = {1995},
	keywords = {Ch-3-5}
}

@phdthesis{abney1987english,
	author = {Steven Abney},
	school = {MIT},
	title = {The {English} noun phrase in its sentencial aspect},
	year = {1987},
	keywords = {Ch-3-3}
}

@inproceedings{mazziotta2017what,
	author = {Mazziotta, Nicolas and Kahane, Sylvain},
	booktitle = {{Proceedings of the fourth international conference on Dependency Linguistics (Depling)}},
	pages = {116--126},
	publisher = {ACL},
	title = {{To} what extent is immediate constituency analysis dependency-based? {{A}} survey of foundational texts},
	year = {2017},
	keywords = {Ch-3-2,Ch-3-4}
}

@article{lakatos1968criticism,
	author = {Imre Lakatos},
	journal = {Proceedings of the Aristotelian Society},
	pages = {149--186},
	title = {Criticism and the methodology of scientific research programmes},
	volume = {69}, 
	keywords = {Ch-1-3},
	doi = {10.1093/aristotelian/69.1.149},
	year = {1968}
}

@inproceedings{kahane1997bubble,
	author = {Kahane, Sylvain},
	booktitle = {Proceedings of the fifth conference on Mathematics of Language ({MoL})},
	pages = {70--76},
	publisher = {Association for Computational Linguistics (ACL)},
	title = {Bubble trees and syntactic representations},
	year = {1997},
	keywords = {Ch-3-2}
}

@inproceedings{gerdes2011defining,
	address = {},
	author = {Gerdes, Kim and Kahane, Sylvain},
	booktitle = {Proceedings of the first international conference on Dependency Linguistics (Depling)},
	editor = {},
	pages = {17--27},
	publisher = {},
	title = {Defining dependency (and constituency)},
	year = {2011},
	keywords = {Ch-3-2}
}

@inproceedings{gerdes2001word,
	author = {Gerdes, Kim and Kahane, Sylvain},
	booktitle = {Proceedings of the 39\textsuperscript{th} Annual Meeting of the Association for Computational Linguistics},
	publisher = {Association for Computational Linguistics (ACL)},
	title = {Word order in {German}: {{A}} formal dependency grammar using a topological hierarchy},
	year = {2001},
	keywords = {Ch-3-5}
}

@inproceedings{duchier2001topological,
	author = {Denys Duchier and Ralph Debusmann},
	booktitle = {Proceedings of the 39\textsuperscript{th} Annual Meeting of the Association for Computational Linguistics},
	publisher = {Association for Computational Linguistics (ACL)},
	title = {Topological dependency trees: {{A}} constraint-based account of linear precedence},
	year = {2001},
	keywords = {Ch-3-5}
}

@incollection{svensson2008very,
	address = {Amsterdam/Philadelphia},
    author = {Maria Helena Svensson},
	booktitle = {Phraseology: {{A}}n interdisciplinary perspective},
	editor = {Sylviane Granger and Fanny Meunier},
	pages = {81--93},
	publisher = {John Benjamins},
	title = {A very complex criterion of fixedness: {{N}}on-compositionality},
	year = {2008},
	keywords = {Ch-2-3}
}

@incollection{kahane2015translators,
	address = {Amsterdam\slash Philadelphia},
	author = {Kahane, Sylvain and Osborne, Timothy},
	booktitle = {{Lucien Tesnière}, Elements of structural syntax},
	pages = {xxix-lxxiv},
	publisher = {John Benjamins},
	title = {Translators' introduction},
	year = {2015},
	keywords = {Ch-intro, Ch-3-3}
}

@incollection{greenberg1963universals,
	address = {Cambridge},
	author = {Joseph H. Greenberg},
	booktitle = {Universals of language},
	editor = {J. H. Greenberg},
	pages = {73--113},
	publisher = {MIT Press},
	title = {Some universals of grammar with particular reference to the order of meaningful elements},
	year = {1963},
	keywords = {Ch-3-5}
}

@incollection{greenberg1954quantitative,
	address = {Minneapolis},
	author = {Joseph H. Greenberg},
	booktitle = {Method and perspective in anthropology: {{P}}apers in honor of {Wilson} D. {{W}}allis},
	editor = {R. F. Spencer},
	addendum = {Reprinted in \textit{International Journal of American Linguistics}, 26(3), 1960, 178-194},
	pages = {192--220},
	publisher = {University of Minnesota Press},
	title = {A quantitative approach to the morphological typology of language},
	year = {1954},
	keywords = {Ch-2-2}
}

@incollection{chomsky1970remarks,
	address = {Waltham, Mass},
	author = {Noam Chomsky},
	booktitle = {On the nature of grammatical relations},
	editor = {Alec P. Marantz},
	pages = {184--221},
	publisher = {Ginn and Co},
	title = {Remarks on nominalization},
	year = {1970},
	keywords = {Ch-3-4}
}

@incollection{boas1938language,
	address = {Boston},
	author = {Franz Boas},
	booktitle = {General anthropology},
	editor = {Franz Boas},
	pages = {124--145},
	publisher = {D. C. Heath \& Company},
	title = {Language},
	year = {1938},
	keywords = {Ch-1-2}
}

@book{skaarup1975premieres,
  title={Les premières zones de la proposition en ancien français: {Essai} de syntaxe de position},
  author={Sk{\aa}rup, Povl},
  year={1975},
  address = {Copenhague},
  publisher={Akademisk Forlag}
}

@book{wierzbivcka1980lingua,
	address = {Sydney/New York},
	author = {Anna Wierzbička},
	publisher = {Academic Press},
	title = {Lingua mentalis: {The} semantics of natural language},
	year = {1980},
	keywords = {Ch-1-2}
}

@book{tesniere1959elements,
	address = {Paris},
	author = {Lucien Tesnière},
	publisher = {Klincksieck},
	title = {Éléments de syntaxe structurale},
	year = {1959},
	keywords = {Ch-intro, Ch-3-3}
}

@book{tesniere2015elements,
  title={Elements of structural syntax},
  author={Tesnière, Lucien},
  translator={Osborne, Timothy and Kahane, Sylvain},
  year={2015},
  address={Amsterdam/Philadelphia},
  publisher={John Benjamins}
}


@book{tesniere1953esquisse,
	address = {Paris},
	author = {Tesnière, Lucien},
	publisher = {Klincksieck},
	title = {Esquisse d'une syntaxe structurale},
	year = {1953},
	keywords = {Ch-intro}
}

@book{sweet1891new,
	address = {Oxford},
	author = {Henry Sweet},
	publisher = {The Clarendon Press},
	title = {A new {English} Grammar, logical and historical},
	year = {1891}
}


@book{sicard1801elemens,
	address = {Paris},
	author = {Roch-Amboise Sicard},
	publisher = {Deterville},
	title = {Élémens de grammaire générale appliqués à la langue française \textrm{(2 volumes)}},
	year = {1801}
}

@book{sgall1986meaning,
	address = {Berlin/Heidelberg},
	author = {Petr Sgall and Eva Hajičová and Jarmila Panevová},
	publisher = {Springer},
	title = {The meaning of the sentence in its semantic and pragmatic aspects},
	year = {1986},
	keywords = {Ch-intro}
}

@book{searle1969speech,
	address = {Cambridge},
	author = {John Searle},
	addendum = {[Traduction française : \textit{Les actes de langage}, 1972, Paris : Hermann.]},
	publisher = {Cambridge University Press},
	title = {Speech acts},
	year = {1969},
	keywords = {Ch-3-3}
}

@book{saussure1916cours,
	address = {Paris},
	author = {Ferdinand de Saussure},
	publisher = {Payot},
	title = {Cours de linguistique générale},
	year = {1916},
	keywords = {Ch-1-1}
}

@book{sapir1973selected,
	address = {Berkeley},
	author = {Edward Sapir},
	booktitle = {Selected writings of {Edward Sapir} in language, culture and personality},
	editor = {David G. Mandelbaum},
	publisher = {University of California Press},
	title = {Selected writings of {Edward Sapir} in language, culture and personality},
	year = {1973},
	keywords = {Ch-1-2}
}

@book{sapir1921language,
	address = {New York},
	author = {Edward Sapir},
	addendum = {[Traduction française de Solange-Marie Guillemen : \textit{Le langage: Introduction à l'étude de la parole}, 1967, Paris : Payot.]},
	publisher = {Harcourt, Brace and Co},
	title = {Language: {{A}}n introduction to the study of speech},
	year = {1921},
	keywords = {Ch-2-1,Ch-2-2}
}

@book{pollard1994head-driven,
	address = {Chicago},
	author = {Carl Pollard and Ivan A. Sag},
	publisher = {University of Chicago Press},
	title = {Head-Driven Phrase Structure Grammar},
	year = {1994},
	keywords = {Ch-3-5}
}

@book{polguere2003lexicologie,
	address = {Montréal},
	author = {Alain Polguère},
	publisher = {Presses de l'Université de Montréal},
	title = {Lexicologie et sémantique lexicales: {{N}}otions fondamentales},
	year = {2003},
	keywords = {Ch-2-1,Ch-2-3}
}

@book{pinker1997how,
	address = {New  York},
	author = {Steven Pinker},
	addendum = {[Traduction française : \textit{Comment fonctionne l'esprit}, 2000, Paris : Odile Jacob.]},
	publisher = {W. W. Norton \& Company},
	title = {How the mind works},
	year = {1996},
	keywords = {Ch-1-1}
}

@book{peirce1903harvard,
	address = {Cambridge},
	author = {Charles S. Peirce},
	note = {paragraphes 188--189},
	number = {},
	publisher = {Harvard University Press},
	title = {Harvard lectures on pragmatism, {Collected Papers}},
	volume = {5},
	year = {1903},
	keywords = {Ch-1-3}
}

@book{nida1966synopsys,
	address = {London/The Hague},
	author = {Eugene Nida},
	publisher = {Mouton and Co},
	title = {A synopsys of {English} syntax},
	year = {1966},
	keywords = {Ch-3-4}
}

@book{nida1943morphology,
	address = {Ann Arbor},
	author = {Eugene Nida},
	publisher = {University of Michigan Press},
	title = {Morphology: {{T}}he descriptive analysis of words},
	year = {1943},
	keywords = {Ch-3-4}
}

@book{gaultier1817atlas,
	address = {Paris},
	author = {Louis Gaultier},
	publisher = {Jules Renouard},
	title = {Atlas de grammaire, ou tables propres à exciter et à soutenir l'attention des enfans dans l'étude de cette science},
	year = {1817}
}

@book{gaultier1829elemens,
	address = {Paris},
	author = {{de Blignières} and Demoyencourt and {Ducrot (de Sixt)} and {Le Clerc ainé}},
	publisher = {Jules Renouard},
	title = {Élemens de grammaire française, extraits de la grammaire de l'abbé Gaultier},
	year = {1829}
}

@book{imrenyi2020chapters,
  title={Chapters of Dependency Grammar: {A} historical survey from antiquity to {Tesnière}},
  author={Imrényi, András and Mazziotta, Nicolas},
  series = {Studies in Language Companion Series},
  number={212},
  year={2020},
  address = {Amsterdam/Philadelphia},
  publisher={John Benjamins},
  keywords = {Ch-3-3}
}

@inproceedings{kahaneXXXXinductive,
  title={Towards an inductive approach of the {Mel’čukian} model: {Illustration} by the criteria for the syntactic head},
  author={Kahane, Sylvain},
  booktitle = {Festschrift in Honor of {Igor Mel’čuk}},
  editor={Leonid Iomdin and Jasmina Milićević and Alain Polguère},
  pubstate={forthcoming},
  keywords = {Ch-3-3}
}

@inproceedings{kahane2020encyclopedia,
  title={How dependency syntax found its modern form in the {French} {Encyclopedia}: {From} {Buffier} (1709) to {Beauzée} (1765)},
  author={Kahane, Sylvain},
  booktitle={Chapters of Dependency Grammar: {A} historical survey from antiquity to {Tesnière}},
  address = {Amsterdam/Philadelphia},
  publisher={John Benjamins},
  editor={Imrényi, András and Mazziotta, Nicolas},
  year={2020},
  keywords = {Ch-3-3}
}

@book{melcuk2014introduction,
	address = {Paris},
	author = {Mel'čuk, Igor and Mili{\'c}evi{\'c}, Jasmina},
	publisher = {Hermann},
	title = {Introduction à la linguistique},
	note = {\textrm{3 volumes}},
	year = {2014},
	keywords = {Ch-intro,Ch-3-1,Ch-3-3}
}

@book{melcuk2007lexique,
	address = {Paris},
	author = {Mel'čuk, Igor and Polguère, Alain},
	publisher = {De Boeck},
	title = {Lexique actif du français : {{L}}'apprentissage du vocabulaire fondé sur 20\,000 dérivations sémantiques et collocations du français},
	year = {2007},
	keywords = {Ch-2-3}
}

@book{melcuk2001communicative,
	address = {Amsterdam/Philadelphia},
	author = {Mel'čuk, Igor},
	publisher = {John Benjamins},
	title = {Communicative organization in natural language},
	year = {2001},
	keywords = {Ch-3-5}
}

@book{melcuk1997vers,
	address = {Paris},
	author = {Mel'čuk, Igor},
	collection = {Leçon inaugurale},
	publisher = {Collège de France},
	title = {Vers une linguistique Sens-Texte},
	year = {1997},
	keywords = {Ch-1-1}
}

@book{melcuk1995introduction,
	address = {Paris},
	author = {Mel'čuk, Igor and Clas, André and Polguère,Alain},
	publisher = {De Boeck Supérieur},
	title = {Introduction à la lexicologie explicative et combinatoire},
	year = {1995},
	keywords = {Ch-2-3}
}

@book{melcuk1993cours,
	address = {Montréal/Paris},
	author = {Mel'čuk, Igor},
	publisher = {Presses de l'Université de Montréal/CNRS Éditions},
	title = {Cours de morphologie générale},
	note={\textrm{5 volumes}},
	sortyear = {1993},
	year = {1993--2000},
	keywords = {Ch-1-2,Ch-2-2,Ch-3-1}
}

@book{melcuk1988dependency,
	address = {Albany},
	author = {Mel'čuk, Igor},
	publisher = {State University of New York Press},
	title = {Dependency syntax: {{T}}heory and practice},
	year = {1988},
	keywords = {Ch-intro,Ch-3-2,Ch-3-3}
}

@book{melcuk1987surface,
	address = {Amsterdam/Philadelphia},
	author = {Mel'čuk, Igor and Pertsov, Nicolaj},
	publisher = {John Benjamins},
	title = {{Surface} syntax of {English}: {{A}} formal model within the meaning-text framework},
	year = {1987},
	keywords = {Ch-3-5}
}

@book{melcuk1999dictionnaire,
  title={Dictionnaire explicatif et combinatoire du français contemporain: {Recherches} lexico-sémantiques},
  author={Mel'čuk, Igor and Arbatchewsky-Jumarie, Nadia and Iordanskaja, Lidija and Mantha, Suzanne and Polguère, Alain},
  note={\textrm{4 volumes}},
  year={1984--1999},
  address={Montréal},
  publisher={Presses de l’Université de Montréal},
keywords = {Ch-3-6}
}

@book{melcuk2012semantics,
  title={Semantics: {From} meaning to text},
  author={Mel'čuk, Igor},
  note={\textrm{3 volumes}},
  year={2012--2015},
  address = {Amsterdam/Philadelphia},
  publisher={John Benjamins},
keywords = {Ch-3-6}
}


@book{martinet1985syntaxe,
	address = {Paris},
	author = {André Martinet},
	publisher = {Armand Colin},
	title = {Syntaxe générale},
	year = {1985},
	keywords = {Ch-2-2}
}

@book{martinet1960elements,
	address = {Paris},
	author = {André Martinet},
	note = {(édition revue, corrigée et étendue en 1980)},
	publisher = {Armand Colin},
	title = {Éléments de linguistique générale},
	year = {1960},
	keywords = {Ch-2-3}
}

@book{liu2009,
	address = {},
	author = {Haitao Liu},
	publisher = {},
	title = {{\cjkfont 依存语法的理论与实践}},
	note = {[Théorie et pratique de la grammaire de dépendance]},
	year = {2009},
	publisher = {Kexue chubanshe},
	address = {Beijing},
	keywords = {Ch-intro}
}

@book{lemarechal1997zeros,
	address = {Paris},
	author = {Alain Lemaréchal},
	publisher = {Presses Universitaires de France},
	title = {Zéro(s)},
	year = {1997},
	keywords = {Ch-2-2}
}

@book{legoffic1993grammaire,
	address = {Paris},
	author = {Le Goffic, Pierre},
	publisher = {Hachette},
	title = {Grammaire de la phrase française},
	year = {1993},
	keywords = {Ch-3-1}
}

@book{lambrecht1996information,
	address = {Cambridge},
	author = {Knud Lambrecht},
	publisher = {Cambridge University Press},
	title = {Information structure and sentence form: {{T}}opic, focus, and the mental representations of discourse referents},
	year = {1994},
	keywords = {Ch-3-5}
}

@book{kern1883zur,
	address = {Berlin},
	author = {Franz Kern},
	publisher = {Nicolaische Verlags-Buchhandlung R. Stricker},
	title = {Zur {Methodik} des deutschen {Unterrichts}},
	year = {1883}
}

@book{jespersen1937analytic,
	address = {Londres},
	author = {Otto Jespersen},
	publisher = {Allen \& Unwin},
	title = {Analytic syntax},
	year = {1937}
}

@book{jespersen1924philosophy,
	address = {Londres},
	author = {Otto Jespersen},
	publisher = {Allen \& Unwin},
	title = {The philosophy of language},
	year = {1924}
}

@book{jespersen1917negation,
	address = {Copenhague},
	author = {Otto Jespersen},
	publisher = {B. Lunos},
	title = {Negation in {English} and other languages},
	year = {1917},
	keywords = {Ch-3-1}
}

@book{jackendoff1977x,
	address = {Cambridge},
	author = {Ray Jackendoff},
	publisher = {MIT Press},
	title = {$\overline{\text{X}}$ syntax: {{A}} study of phrase structure},
	year = {1977},
	keywords = {Ch-3-4}
}

@book{humboldt1836uber,
	address = {Berlin},
	author = {Wilhelm von Humboldt},
	addendum = {[Traduction française par Pierre Caussat : \textit{Introduction à l'œuvre sur le kavi et autres essais}, 1974, Paris : Éditions du Seuil.]},
	publisher = {Königliche Akademie der Wissenschaften},
	title = {Über die {Verschiedenheit} des menschlichen {Sprachbaus} und seinen {Einfluss} auf die geistige {Entwicklung} des {Menschengeschlechts}},
	year = {1836},
	keywords = {Ch-1-1}
}

@book{hudson2006language,
	address = {Oxford},
	author = {Richard Hudson},
	publisher = {Oxford University Press},
	title = {Language networks: {{T}}he new word grammar},
	year = {2006},
	keywords = {Ch-intro,Ch-3-3}
}

@book{hudson1984word,
	address = {Oxford},
	author = {Richard Hudson},
	publisher = {Blackwell},
	title = {Word grammar},
	year = {1984},
	keywords = {Ch-intro,Ch-3-3}
}

@book{hockett1958course,
	publisher = {The Macmillan Company},
	author = {Charles F. Hockett},
	address = {New York},
	title = {A course in modern linguistics},
	year = {1958},
	keywords = {Ch-2-1, Ch-3-1}
}

@book{hjelmslev1943omkring,
	address = {Copenhague},
	author = {Louis T. Hjelmslev},
	addendum = {[Traduction française : \textit{Prolégomènes à une théorie du langage}, 1968, {Paris} : {Éditions de Minuit}.]},
	publisher = {B. Lunos},
	title = {Omkring sprogteoriens grundl{\ae}ggelse},
	keywords = {Ch-2-3},
	year = {1964},
}

@book{herling1821uber,
	address = {Frankfurt am Main},
	author = {Herling, Simon H. A.},
	publisher = {Varrentrapp},
	title = {Uber die {Topik} der deutschen {Sprache}},
	year = {1821}
}

@book{haspelmath2013understanding,
	address = {Londres},
	author = {Martin Haspelmath and Andrea D. Sims},
	publisher = {Routledge},
	title = {Understanding morphology},
	year = {2013},
	keywords = {Ch-2-2}
}

@book{harris1951methods,
	address = {Chicago},
	author = {Zellig S. Harris},
	publisher = {University of Chicago Press},
	title = {Methods in structural linguistics},
	year = {1951},
	keywords = {Ch-2-1}
}

@book{harari2014sapiens,
	address = {London},
	author = {Yuval Noah Harari},
	addendum = {[Traduction française : \textit{Sapiens : Une brève histoire de l'humanité}, 2015, Paris : Albin Michel.]},
	publisher = {Harvill Secker},
	title = {Sapiens : {{A}} brief history of humankind},
	year = {2014},
	keywords = {Ch-1-1}
}

@book{gleason1955introduction,
	address = {New York},
	author = {Henry A. Gleason},
	publisher = {Holt, Rinehart and Wilston},
	title = {An introduction to descriptive linguistics},
	year = {1955},
	keywords = {Ch-1-1,Ch-3-2,Ch-3-4}
}

@book{girard1747vrais,
	address = {Paris},
	author = {Gabriel Girard},
	publisher = {Le Breton},
	title = {Les vrais principes de la langue françoise ou la parole réduite en méthode},
	year = {1747}
}

@book{gazdar1985generalized,
	address = {Cambridge},
	author = {Gerald Gazdar and Ewan Klein and Geoffrey Pullum and Ivan Sag},
	publisher = {Harvard University Press},
	title = {{Generalized Phrase Structure Grammar}},
	year = {1985},
	keywords = {Ch-3-5}
}

@book{gardiner1932speech,
	address = {Oxford},
	author = {Alan Gardiner},
	publisher = {The Clarendon Press},
	title = {Speech and language},
	year = {1932},
	keywords = {Ch-3-3}
}

@book{gardes-tamine1990grammaire,
	address = {Paris},
	author = {Joëlle Gardes-Tamine},
	publisher = {Armand Colin},
	title = {{La} grammaire : {{P}}honologie, morphologie, lexicologie},
	year = {1990},
	keywords = {Ch-2-2}
}

@book{fradin2003nouvelles,
	address = {Paris},
	author = {Bernard Fradin},
	publisher = {Presses universitaires de France},
	title = {Nouvelles approches en morphologie},
	year = {2003},
	keywords = {Ch-2-2,Ch-3-1}
}

@book{erdmann1886grundzuge,
	address = {Tübingen},
	author = {Oskar Erdmann},
	publisher = {J. G. Cotta},
	title = {Grundzüge der deutschen Syntax nach ihrer geschichtlichen {Entwicklung}},
	note = {[Caractéristiques de base de la syntaxe allemande selon son évolution historique]},
	volume = {1},
	year = {1886}
}

@book{ducrot1995nouveau,
	address = {Paris},
	author = {Oswald Ducrot and Jean-Marie Schaeffer},
	publisher = {Éditions du Seuil},
	title = {Nouveau dictionnaire encyclopédique des sciences du langage},
	year = {1995},
	keywords = {Ch-2-1,Ch-2-3}
}

@book{drach1937grundgedanken,
	address = {Frankfurt am Main},
	author = {Erich Drach},
	publisher = {Diesterweg},
	title = {Grundgedanken der deutschen {Satzlehre}},
	note = {[{Idées} fondamentales de la syntaxe allemande]},
	year = {1937}
}

@book{diderot1751encyclopedie,
	author = {Denis Diderot and Jean Le Rond D'Alembert },
	publisher = {\href{http://enccre.academie-sciences.fr/encyclopedie/}{Édition en ligne de l'Académie des Sciences}},
	title = {Encyclopédie ou Dictionnaire raisonné des sciences, des arts et des métiers},
	note = {{(28 volumes)}},
	year = {1751-1772},
	keywords = {Ch-3-3}
}

@book{danlos1987generation,
	address = {Paris},
	author = {Laurence Danlos},
	publisher = {Masson},
	collection={collection ERI, Études et recherches en informatique},
	title = {Génération automatique de textes en langues naturelles},
	year = {1987},
	keywords = {Ch-1-1}
}

@book{costaouec2007syntaxe,
	address = {Rennes},
	author = {Denis Costaouec and Françoise Guérin},
	publisher = {Presses Universitaires de Rennes},
	title = {Syntaxe fonctionnelle : {{T}}héorie et exercices},
	year = {2007},
	keywords = {Ch-intro,Ch-2-3}
}

@book{chomsky1995minimalist,
	address = {Cambridge},
	author = {Noam Chomsky},
	publisher = {MIT Press},
	title = {The Minimalist Program},
	year = {1995},
	keywords = {}
}

@book{chomsky1965aspects,
	address = {Cambridge},
	author = {Noam Chomsky},
	addendum = {[Traduction française de J.-Cl. Milner : \textit{Aspects de la théorie syntaxique}, 1971, Paris : Éditions du Seuil.]},
	publisher = {The MIT Press},
	title = {Aspects of the theory of syntax},
	year = {1965},
    keywords = {Ch-3-4}
}

@book{chomsky1957syntactic,
	address = {Cambridge},
	author = {Noam Chomsky},
	addendum = {[Traduction française de M. Bradeau : \textit{Structures syntaxiques}, 1969, Paris : Éditions du Seuil.]},
	publisher = {MIT Press},
	title = {Syntactic structures},
	year = {1957},
	keywords = {Ch-1-3,Ch-3-4}
}

@book{chevalier1968histoire,
	address = {Paris},
	author = {Jean-Claude Chevalier},
	publisher = {Droz},
	title = {{Histoire} de la syntaxe : {{N}}aissance de la notion de complément dans la grammaire française (1530–1750)},
	year = {1968},
	keywords = {Ch-3-3}
}

@book{buffier1709grammaire,
	address = {Paris},
	author = {Claude Buffier},
	publisher = {Le Clerc-Brunet-Leconte \& Montalant},
	title = {Grammaire françoise sur un plan nouveau},
	year = {1709}
}

@book{bresnan2001lexical,
	address = {Oxford},
	author = {Joan Bresnan},
	publisher = {Blackwell},
	title = {Lexical Functional Syntax},
	year = {2001},
	keywords = {Ch-intro}
}

@book{bloomfield1933language,
	address = {New York},
	author = {Leonard Bloomfield},
	notes = {[Traduction française : \textit{Le langage}, 1970, Paris : Payot.]},
	publisher = {Henry Holt},
	title = {Language},
	year = {1933},
	keywords = {Ch-1-1,Ch-2-2,Ch-3-4}
}

@book{blanche-benveniste2000approche,
	address = {Paris},
	author = {Claire Blanche-Benveniste},
	collection = {collection L'essentiel},
	publisher = {Ophrys},
	title = {Approche de la langue parlée en français},
	year = {2000},
	keywords = {Ch-1-1}
}

@book{blanche-benveniste1990francais,
	address = {Paris},
	author = {Claire Blanche-Benveniste},
	publisher = {Editions du CNRS},
	title = {{Le} français parlé : {Études} grammaticales},
	year = {1990},
	keywords = {Ch-1-1}
}

@book{bernard2003nouvelles,
	address = {Paris},
	author = {Fradin Bernard},
	publisher = {Presses universitaires de France},
	title = {Nouvelles approches en morphologie},
	year = {2003}
}

@book{beauzee1767grammaire,
	address = {Paris},
	author = {Nicolas Beauzée},
	publisher = {Barbou},
	title = {Grammaire générale ou Exposition raisonnée des éléments nécessaires du langage, pour servir de fondement à l'étude de toutes les langues},
	volume = {2 : {{S}}yntaxe},
	year = {1767}
}

@book{beard1995lexeme,
	address = {Albany},
	author = {Robert Beard},
	publisher = {State University of New York Press},
	title = {Lexeme-morpheme base morphology : {{A}} theory of inflection and word formation},
	year = {1995},
	keywords = {Ch-2-2}
}

@book{barnard1836analytic,
	address = {New York},
	author = {Frederick A. P. Barnard},
	publisher = {E. French},
	title = {Analytic grammar, with symbolic illustration},
	year = {1836},
	keywords = {Ch-3-4}
}

@book{austin1962how,
	address = {Cambridge},
	author = {John L. Austin},
	addendum = {[Traduction française : \textit{Quand dire, c'est faire}, 1991, Paris : Éditions du Seuil.]},
	publisher = {Harvard University Press},
	title = {How to do things with words},
	year = {1962},
	keywords = {Ch-3-3}
}

@book{apotheloz2002construction,
	address = {Paris},
	author = {Denis Apothéloz},
	publisher = {Ophrys},
	title = {{La} construction du lexique français},
	year = {2002},
	keywords = {Ch-2-2}
}



@article{osborne2021nps,
  title={NPs, not DPs: The NP vs. DP debate in the context of dependency grammar},
  author={Osborne, Timothy},
  journal={Acta Linguistica Academica},
  volume={68},
  issue={3},
  doi={10.1556/2062.2021.00001},
  year={2021},
  publisher={Akadémiai Kiad{\'o} Budapest},
  keywords = {Ch-3-3}
}

@article{lambek1958mathematics,
  title={The mathematics of sentence structure},
  author={Lambek, Joachim},
  journal={The American Mathematical Monthly},
  volume={65},
  number={3},
  pages={154--170},
  year={1958}
}

@article{berrendonner1990pour,
  title={Pour une macro-syntaxe},
  author={Berrendonner, Alain},
  journal={Travaux de linguistique (Gent)},
  volume={21},
  pages={25--36},
  year={1990}
}

@article{kuratowski1930probleme,
  title={Sur le probleme des courbes gauches en topologie},
  author={Kuratowski, Casimir},
  journal={Fundamenta mathematicae},
  volume={15},
  number={1},
  pages={271--283},
  year={1930}
}

@article{lukasiewicz1921logika,
  title={Logika dwuwarto\'sciowa \textrm{[Two-valued logic]}},
  author={Łukasiewicz, Jan},
  journal={Przegląd Filozoficzny},
  volume={23},
  pages={189},
  year={1921}
}

@article{mikolov2013distributed,
  title={Distributed representations of words and phrases and their compositionality},
  author={Mikolov, Tomas and Sutskever, Ilya and Chen, Kai and Corrado, Greg S and Dean, Jeff},
  journal={Advances in neural information processing systems},
  volume={26},
  year={2013}
}

@article{haspelmath2020morph,
  title={The morph as a minimal linguistic form},
  author={Haspelmath, Martin},
  journal={Morphology},
  volume={30},
  number={2},
  pages={117--134},
  year={2020},
  keywords = {Ch-2-2}
}

@article{higginbotham1985semantics,
  title={On semantics},
  author={Higginbotham, James},
  journal={Linguistic Inquiry},
  volume={16},
  number={4},
  pages={547--593},
  year={1985}
}

@article{frege1892uber,
  title={Über Sinn und Bedeutung [Sens et dénotation]},
  author={Gottlob Frege},
  journal={Zeitschrift für Philosophie und philosophische Kritik},
  volume={100},
  pages={25--50},
  year={1892}
}

@article{sgall1967functional,
  title={Functional sentence perspective in a generative description},
  author={Sgall, Petr},
  journal={Prague Studies in Mathematical Linguistics},
  volume={2},
  pages={203--225},
  year={1967}
}

@incollection{hajic1998building,
  title={Building a syntactically annotated corpus: The Prague Dependency Treebank},
  author={Haji{\v{c}}, Jan},
  editor = {Eva Hajičová},
  publisher = {Karolinum},
  location = {Prague},
  booktitle={Issues of valency and meaning: {Studies} in honour of {Jarmila Panevová}},
  pages={106--132},
  year={1998}
}

@article{forest1994negation,
  title={La négation et les verbes d’adhérence. Pour en finir avec le neg-raising},
  author={Forest, Robert},
  journal={Linx},
  volume={5},
  pages={49--58},
  year={1994}
}

@article{barhillel1953quasi,
  title={A quasi-arithmetical notation for syntactic description},
  author={Yehoshua Bar-Hillel},
  journal={Language},
  volume={29},
  number={1},
  pages={47--58},
  year={1953}
}

@article{benveniste1962coup,
  title={Coup d'{\oe}il sur le développement de la linguistique},
  author={Benveniste, {\'E}mile},
  journal={Comptes rendus des séances de l'Académie des Inscriptions et Belles-Lettres},
  volume={106},
  number={2},
  pages={369--380},
  year={1962},
  publisher={De Boccard}
}

@article{ajduckiewicz1935syntaktische,
	author = {Kazimierz Ajduckiewicz},
	journal = {Studia Philosophica},
	pages = {1--27},
	title = {Die syntaktische Konnexität},
	volume = {1},
	year = {1935},
	addendum = {[Traduction anglaise : {Syntactic connection}, in Storss McCall (ed.). 1967. \textit{Polish Logic 1920–1939}, Oxford : Oxford University Press, 207--231.]}
}

@article{zolkovski1967semanticeskom,
	author = {Žolkovskij,Aleksandr and Mel'čuk, Igor},
	journal = {Problemy Kybernetiki [Problèmes de Cybernétique]},
	addendum = {[Traduction française : Sur la synthèse sémantique (de textes), 1970, \textit{T.A. Information} 2, 1--85.]},
	title = {O semanticeskom sinteze},
	volume = 19,
	pages = {177--238},
	year = {1967},
	keywords = {Ch-1-1}
}

@article{wells1947immediate,
	author = {Rulon S. Wells},
	journal = {Language},
	number = {2},
	pages = {81--117},
	title = {Immediate constituents},
	volume = {23},
	year = {1947},
	keywords = {Ch-3-4}
}

@article{tesniere1934comment,
	author = {Lucien Tesnière},
	journal = {Bulletin de la Faculté des Lettres de Strasbourg},
	pages = {219--229},
	title = {Comment construire une syntaxe},
	volume = {7 (12\textsuperscript{ème} année)},
	year = {1934}
}

@article{miller1956magical,
  title={The magical number seven, plus or minus two: Some limits on our capacity for processing information.},
  author={Miller, George A},
  journal={Psychological Review},
  volume={63},
  number={2},
  pages={81--97},
  year={1956},
  publisher={American Psychological Association}
}

@inproceedings{hall2006generic,
  title={A generic architecture for data-driven dependency parsing},
  author={Hall, Johan and Nivre, Joakim},
  booktitle={Proceedings of the 15\textsuperscript{th} Nordic Conference of Computational Linguistics ({NODALIDA} 2005)},
  pages={47--56},
  year={2006}
}

@inproceedings{nivre2016universal,
  title={Universal dependencies v1: A multilingual treebank collection},
  author={Nivre, Joakim and De Marneffe, Marie-Catherine and Ginter, Filip and Goldberg, Yoav and Hajic, Jan and Manning, Christopher D. and McDonald, Ryan and Petrov, Slav and Pyysalo, Sampo and Silveira, Natalia and others},
  booktitle={Proceedings of the tenth international conference on Language Resources and Evaluation ({LREC})},
  pages={1659--1666},
  year={2016}
}

@inproceedings{gerdes2018sud,
  title={SUD or surface-syntactic universal dependencies: An annotation scheme near-isomorphic to UD},
  author={Gerdes, Kim and Guillaume, Bruno and Kahane, Sylvain and Perrier, Guy},
  booktitle={Proceedings of the second Universal Dependencies Workshop ({UDW})},
  year={2018},
  publisher={Association for Computational Linguistics (ACL)}
}

@inproceedings{buchholz2006conll,
  title={CoNLL-X shared task on multilingual dependency parsing},
  author={Buchholz, Sabine and Marsi, Erwin},
  booktitle={Proceedings of the tenth Conference on Computational Natural Language Learning ({CoNLL-X})},
  pages={149--164},
  year={2006}
}

@inproceedings{sleator1993parsing,
  title={Parsing English with a link grammar},
  author={Sleator, Daniel D. and Temperley, Davy},
  booktitle={Proceedings of the third international workshop on parsing technologies ({IWPT})},
  year={1993},
  publisher={Association for Computational Linguistics (ACL)}
}

@inproceedings{kahane2001grammaires,
  title={Grammaires de dépendance formelles et théorie Sens-Texte},
  author={Kahane, Sylvain},
  booktitle={Actes de la conférence sur le {Traitement Automatique des Langues Naturelles} ({TALN})},
  year={2001},
  volume={2},
  pages={1--63},
  keywords = {Ch-3-6}
}

@inproceedings{kahane2005gust,
  title={Grammaire d’Unification Sens-Texte : {Modularité} et polarisation},
  author={Kahane, Sylvain and Lareau, François},
  booktitle={Actes de la conférence sur le {Traitement Automatique des Langues Naturelles} ({TALN})},
  year={2005},
  pages={23--32}
}

@article{kubler2009dependency,
  title={Dependency parsing},
  author={Kübler, Sandra and McDonald, Ryan and Nivre, Joakim},
  journal={Synthesis Lectures on Human Language Technologies},
  volume={1},
  number={1},
  pages={1--127},
  year={2009},
  publisher={Morgan \& Claypool Publishers}
}


@article{peirce1897logic,
	author = {Charles S. Peirce},
	journal = {The Monist},
	pages = {161--217},
	title = {The logic of relatives},
	volume = {7},
	year = {1897}
}

@article{osborne2012catenae,
	author = {Osborne, Timothy and Putnam, Michael and Gross, Thomas},
	journal = {Syntax},
	number = {4},
	pages = {354--396},
	title = {Catenae: {{I}}ntroducing a novel unit of syntactic analysis},
	volume = {15},
	year = {2012},
	keywords = {Ch-3-2}
}


@article{mertens2008syntaxe,
	author = {Piet Mertens},
	journal = {Travaux de Linguistique},
	number = {1},
	pages = {97--124},
	title = {Syntaxe, prosodie et structure informationnelle : {{{U}}}ne approche prédictive pour l'analyse de l'intonation dans le discours},
	volume = {56},
	year = {2008},
	keywords = {Ch-3-2}
}

@article{langendonck1994determiners,
	author = {{Van Langendonck}, Willy},
	journal = {Cognitive Linguistics},
	number = {3},
	pages = {243--259},
	title = {Determiners as heads?},
	volume = {5},
	year = {1994},
	keywords = {Ch-3-3}
}

@article{kouloughli1999y,
	author = {Djamel Eddine Kouloughli},
	journal = {Histoire Épistémologie Langage},
	number = {2},
	pages = {45--64},
	title = {Y a-t-il une syntaxe dans la tradition arabe ?},
	volume = {21},
	year = {1999},
	keywords = {Ch-3-3}
}



@article{kahane2018une,
	author = {Kahane, Sylvain},
	journal = {TAL},
	number = {1},
	pages = {13--37},
	title = {Une approche mathématique de la notion de structure syntaxique : {{R}}aisonner en termes de connexions plutôt que d'unités},
	volume = {59},
	year = {2018},
	keywords = {Ch-3-2}
}

@article{kahane2015trois,
  title={Les trois dimensions d'une modélisation formelle de la langue: {Syntagmatique}, paradigmatique et sémiotique.},
  author={Kahane, Sylvain},
  journal={TAL},
  volume={56},
  number={1},
  year={2015},
pages={39--63},
keywords = {Ch-3-6}
}

@article{melcuk2004actants1,
  title={Actants in semantics and syntax {I}: {Actants} in semantics},
  author={Mel'čuk, Igor},
  journal={Linguistics},
  volume={42},
  number={1},
  pages={1--66},
  year={2004},
keywords = {Ch-3-6}
}

@article{melcuk2004actants2,
  title={Actants in semantics and syntax {II}: {Actants} in syntax},
  author={Mel'čuk, Igor},
  journal={Linguistics},
  volume={42},
  number={2},
  pages={247--291},
  year={2004},
keywords = {Ch-3-6}
}



@article{joshi1975tree,
  title={Tree adjunct grammars},
  author={Aravind K. Joshi and Leon S. Levy and Masako Takahashi},
  journal={Journal of Computer and System Sciences},
  volume={10},
  number={1},
  pages={136--163},
  year={1975},
  publisher={Elsevier}
}

@article{jakobson1959linguistic,
	author = {Roman Jakobson},
	journal = {On Translation},
	pages = {30--39},
	title = {On linguistic aspects of translation},
	volume = {3},
	year = {1959},
	keywords = {Ch-1-2}
}

@article{hudson1987zwicky,
	author = {Richard Hudson},
	journal = {Journal of Linguistics},
	number = {1},
	pages = {109--132},
	title = {Zwicky on heads},
	volume = {23},
	year = {1987},
	keywords = {Ch-3-3}
}

@article{gladkij1968describing,
	author = {Aleksej V. Gladkij},
	journal = {Computational Linguistics (Budapest)},
	pages = {21--44},
	title = {Ob opisanii sintaksičeskoj struktury predloženija [Sur la description de la structure syntaxique d'une phrase] (résumé en anglais)},
	volume = {7},
	year = {1968},
	keywords = {Ch-3-4}
}

@article{gerdes2006amas,
	author = {Gerdes, Kim and Kahane, Sylvain},
	journal = {Lingvisticae Investigationes},
	number = {1},
	pages = {75--89},
	title = {L'amas verbal au cœur d'une modélisation topologique du français},
	volume = {29},
	year = {2006},
    keywords = {Ch-3-5}
}

@article{garde1977ordre,
	author = {Paul Garde},
	journal = {Bulletin de la Sociéte de Linguistique de Paris},
	number = {1},
	pages = {1--26},
	title = {Ordre linéaire et dépendance syntaxique : {{C}}ontribution à une typologie},
	volume = {72},
	year = {1977},
	keywords = {Ch-3-3}
}

@article{frazier1982making,
	author = {Lyn Frazier and Keith Rayner},
	journal = {Cognitive Psychology},
	pages = {178--210},
	title = {Making and correcting errors during sentence comprehension: {{{E}}}ye movements in the analysis of structurally ambiguous sentences},
	volume = {14},
	year = {1982},
	keywords = {Ch-3-2}
}

@article{frazier1978sausage,
	author = {Lyn Frazier and Janet D. Fodor},
	journal = {Cognition},
	number = {4},
	pages = {291--325},
	title = {The sausage machine: {{A}} new two-stage parsing model},
	volume = {6},
	year = {1978},
	keywords = {Ch-3-2}
}

@article{fodor1994diagnosis,
	author = {Janet D. Fodor and Atsu Inoue},
	journal = {Journal of Psychologuistic Research},
	number = {5},
	pages = {407--434},
	title = {The diagnosis and cure of garden paths},
	volume = {23},
	year = {1994},
	keywords = {Ch-3-2}
}

@article{earley1970efficient,
	author = {Jay Earley},
	journal = {Communication of the ACM},
	number = {2},
	pages = {94--102},
	title = {An efficient context-free parsing algorithm},
	volume = {13},
	year = {1970},
	keywords = {Ch-3-4}
}

@inproceedings{curry1961some,
  title ={Some logical aspects of grammatical structure},
  author ={Curry, Haskell B.},
  booktitle ={Structure of language and its mathematical aspects},
  series = {Proceedings of the Symposium in Applied Mathematics},
  editor = {Roman Jakobson},
  number ={12},
  pages ={56--68},
  year ={1961},
  publisher ={American Mathematical Society},
  address={Providence}
}


@article{dryer1992greenbergian,
	author = {Matthew S. Dryer},
	journal = {Language},
	number = {1},
	pages = {81--138},
	title = {The {Greenbergian} word order correlations},
	volume = {68},
	year = {1992},
	keywords = {Ch-3-5}
}

@article{deutscher2010does,
	author = {Guy Deutscher},
	journal = {New York Times Magazine},
	title = {Does your language shape how you think ?},
	url = {http://www.nytimes.com/2010/08/29/magazine/29language-t.html},
	volume = {du 26 août},
	year = {2010},
	keywords = {Ch-1-2}
}

@article{callamard1998droits,
	author = {Agnès Callamard},
	journal = {Le monde diplomatique},
	title = {«~Droits de l’homme~» ou «~droits humains~» ?, Le sexisme à fleur de mots},
	url = {https://www.monde-diplomatique.fr/1998/03/CALLAMARD/3582},
	volume = {mars 1998},
	year = {1998}
}

@article{colapinto2007has,
	author = {John Colapinto},
	journal = {The New Yorker online},
	title = {Has a remote {Amazonian} tribe upended our understanding of language?},
	url = {http://www.newyorker.com/magazine/2007/04/16/the-interpreter-2},
	year = {2007},
	keywords = {Ch-3-4}
}

@article{chomsky1955three,
	author = {Noam Chomsky},
	journal = {IRE Transactions on Information Theory},
	number = {3},
	pages = {113--124},
	title = {Three models for the description of language},
	volume = {2},
	year = {1955},
	keywords = {Ch-3-4}
}

@inproceedings{bresnan2007predicting,
	author = {Joan Bresnan and Anna Cueni and Tatiana Nikitina and R. Harald Baayen},
	booktitle = {Cognitive foundations of interpretation},
    editor = {Gerlof Bouma and  Irene Krämer and Joost Zwarts},
	pages = {69--94},
	publisher = {Royal Netherlands Academy of Arts and Sciences},
	title = {Predicting the dative alternation},
    address = {Amsterdam},
	year = {2007},
	keywords = {Ch-3-5}
}

@article{blanche-benveniste1989constructions,
	author = {Claire Blanche-Benveniste},
	journal = {Recherches sur le Français Parlé},
	pages = {53--74},
	title = {Constructions verbales ``en incise'' et rection faible des verbes},
	volume = {9},
	year = {1989}
}

@article{beck2019phraseology,
	author = {David Beck},
	journal = {Linguistica Atlantica},
	number = {2},
	pages = {1--19},
	title = {Phraseology in morphology: {{I}}t's a sign!},
	volume = {37},
	year = {2019},
	keywords = {Ch-2-3}
}

@book{haspelmath2005world,
  title={The world atlas of language structures},
  editor={Haspelmath, Martin and Dryer, Matthew S. and Gil, David and Comrie, Bernard},
  year={2005},
  address={Oxford},
  publisher={Oxford University Press},
  keywords = {Ch-3-5}
}


@book{bech1955studien,
	address = {Copenhague},
	author = {Gunnar Bech},
	title = {{Studien} über das deutsche Verbum infinitum},
	note = {[Étude sur le verbe infinitif allemand]. (Volume 35 de \textit{Kongelige danske Videnskabernes Selskab. Historisk-filologiske Meddelelser}.)},
	year = {1955},
    publisher = {Munksgaard}
}

@article{andersonstephen1982wheres,
	author = {Anderson, Stephen},
	journal = {Linguistic Inquiry},
	pages = {571--612},
	title = {Where's morphology?},
	volume = {13},
	year = {1982},
	keywords = {Ch-3-1}
}

@book{osborne2019dependency,
	address = {Amsterdam/Philadelphia},
	author = {Osborne, Timothy},
	publisher = {John Benjamins},
	title = {A Dependency Grammar of English: {An} introduction and beyond},
	year = {2019},
	keywords = {Ch-intro, Ch-3-4}
}

@incollection{kaplan1981lexical,
  title={Lexical-Functional Grammar: {A} formal system for grammatical representation},
  author={Kaplan, Ronald M. and Bresnan, Joan},
  year={1982},
  editor={Joan Bresnan},
  booktitle={The mental representation of grammatical relations},
  pages={173--281},
  publisher={The MIT Press},
  address={Cambridge}
}

@book{Sapir1915,
  title={Abnormal types of speech in {Nootka}},
  author={Sapir, Edward},
  note={Memoir 62, Anthropological Series 5},
  year={1915},
  publisher={Government Printing Bureau},
  address={Ottawa}
}

@book{PrinceSmolensky1993,
  title={Optimality Theory: {Constraint} interaction in generative grammar},
  author={Prince, Alan and Smolensky, Paul},
  year={1993},
  note={Technical report 2},
  publisher={Rutgers University Center for Cognitive Science}
}

@book{ArnauldLancelot1660,
  title={Grammaire générale et raisonnée, contenant les fondemens de l’art de parler},
  author={Arnauld, Antoine and Lancelot, Claude},
  year={1660},
  publisher={Pierre Le Petit},
  address={Paris}
}


@book{ArnauldNicole1662,
  title={La Logique, ou l'art de penser},
  author={Arnauld, Antoine and Nicole, Pierre},
  year={1662},
  publisher={Jean Guignart, Charles Savreux, {\&} Jean de Lavnay},
  address={Paris}
}

@book{Billroth1832,
  title={{Lateinische Syntax für die obern Klassen gelehrter Schulen}},
  author={Billroth, Johann Gustav Friedrich},
  year={1832},
  location = {Leipzig},
  publisher={Weidmann'sche Buchhandlung}
}

@book{Clark1847,
  title={The science of the {English} grammar: {A} practical grammar in which words, phrases, and sentences are classified to their offices, and their relation to each other, illustrated by a complete system of diagrams},
  author={Clark, Stephen W.},
  year={1847},
  publisher={H. W. Barnes {\&} Company},
  address={Cincinnati}
}

@book{ReedKellogg1877,
  title={Higher lessons in {English}},
  author={Reed, Alonzo and Kellogg, Brainerd},
  year={1877},
  publisher = {Clark \& Maynard},
  location = {New York}
}


@article{lecerf1960programme,
  title={Programme des conflits, modèle des conflits},
  author={Lecerf, Yves},
  journal={Bulletin bimestriel de l’ATALA},
  volume={1},
  number={4},
  pages={11--18},
  year={1960}
}

@incollection{imrenyi2013constituency,
  title={Constituency or dependency? {Notes} on {Sámuel Brassai}’s syntactic model of {Hungarian}},
  author={Imrényi, András},
  booktitle = {{Papers} in linguistics presented to {László} {Varga} on his 70th birthday},
  editor = {Péter Szigetvári},
  publisher = {Department of English Linguistics, Eötvös Loránd University},
  address = {Budapest},
  pages={167--182},
  year={2013}
}

@incollection{firth1957synopsis,
  title={A synopsis of linguistic theory, 1930–1955},
  author={Firth, John R},
  booktitle={Studies in linguistic analysis},
  editor={Firth, John R},
  year={1957},
  pages={1--32},
  address={Oxford},
  publisher={Blackwell}
}

@book{wittgenstein1953philosophical,
  title={Philosophical investigations},
  author={Wittgenstein, Ludwig},
  translator={G. E. M. Anscombe},
  year={1953},
  publisher={Macmillan Publishing Company},
  location = {New York}
}

@article{zwicky1985heads,
  title={Heads},
  author={Zwicky, Arnold M.},
  journal={Journal of linguistics},
  volume={21},
  number={1},
  pages={1--29},
  year={1985}
}

@book{versteegh2013landmarks,
  title={Landmarks in linguistic thought {III}: {The} {Arabic} linguistic tradition},
  author={Versteegh, Kees},
  year={2013},
  publisher={Routledge},
  address = {New York},
  keywords = {Ch-3-3}
}

@incollection{Dumarsais1754,
  author = {Dumarsais, César Chesneau},
  title = {Construction},
  booktitle = {Encyclopédie},
  volume = {4},
  editor={Diderot, Denis and D’Alembert, Jean Le Rond},
  year = {1754},
  pages = {73--92},
}

@incollection{Dumarsais1753,
  author = {Dumarsais, César Chesneau},
  title = {Concordance},
  booktitle = {Encyclopédie},
  volume = {3},
  editor={Diderot, Denis and D’Alembert, Jean Le Rond},
  year = {1753},
  pages = {821--823},
}

@incollection{Beauzée1765,
  author = {Nicolas Beauzée},
  title = {Régime},
  booktitle = {Encyclopédie},
  volume = {14},
  editor={Diderot, Denis and D’Alembert, Jean Le Rond},
  year = {1765},
  pages = {5--11},
}

@incollection{Höhle1986,
  title = {{Der Begriff ‚Mittelfeld‘: Anmerkungen über die Theorie der topologischen Felder}},
  author = {Höhle, Tilman N.},
  booktitle = {{Beiträge zur deutschen Grammatik: Gesammelte Schriften von Tilman N. Höhle}},
  edition = {2},
  pages = {279--294},
  publisher = {Language Science Press},
  address = {Berlin},
  year = {2019},
  doi = {10.5281/zenodo.2588357}
}

@inproceedings{DonohueSag1999,
  title={Domains in {Warlpiri}},
  author={Donohue, Cathryn and Sag, Ivan A.},
  booktitle={Proceedings of the 6th international conference on {HPSG}: Abstracts},
  pages={101--106},
  year={1999}
}

@book{PollardSag1987,
  title={Information-based syntax and semantics},
  author={Pollard, Carl and Sag, Ivan A.},
  series={CSLI Lecture Notes},
  number = {13},
  location = {Stanford},
  publisher = {CSLI Publications},
  year={1987}
}

@inproceedings{nasr1995formalism,
  title={A formalism and a parser for lexicalised dependency grammars},
  author={Alexis Nasr},
  booktitle={Proceedings of the fourth international workshop on parsing technologies (IWPT)},
  pages={186--195},
  year={1995},
  location = {Prague},
  publisher = {Institute of Formal and Applied Linguistics, Charles University}
}
